@article{checko2015cloud,
  title={Cloud RAN for mobile networksâ€”A technology overview},
  author={Checko, Aleksandra and Christiansen, Henrik L and Yan, Ying and Scolari, Lara and Kardaras, Georgios and Berger, Michael S and Dittmann, Lars},
  journal={IEEE Communications surveys \& tutorials},
  volume={17},
  number={1},
  pages={405--426},
  year={2015},
  publisher={IEEE}
}
@online{xran,
title = {xRAN Forum Merges With C-RAN Alliance to Form ORAN Alliance},
year = {2018},
url = {https://www.businesswire.com/news/home/20180227005673/en/xRAN-Forum-Merges-C-RAN-Alliance-Form-ORAN}
}