@inproceedings{li2014energy,
  title={Energy-efficient power allocation for distributed large-scale MIMO cloud radio access networks},
  author={Li, Pei-Rong and Chang, Tain-Sao and Feng, Kai-Ten},
  booktitle={2014 IEEE Wireless Communications and Networking Conference (WCNC)},
  pages={1856--1861},
  year={2014},
  organization={IEEE}
}
@inproceedings{tsou2015joint,
  title={Joint Clusterization and Power Allocation for Cloud Radio Access Networks},
  author={Tsou, Yao-Chun and Li, Pei-Rong and Chu, Jui-Hung and Feng, Kai-Ten},
  booktitle={Vehicular Technology Conference (VTC Fall), 2015 IEEE 82nd},
  pages={1--5},
  year={2015},
  organization={IEEE}
}

@article{simeone2016cloud,
  title={Cloud radio access networks: Uplink channel estimation and downlink precoding},
  author={Simeone, Osvaldo and Kang, Jinkyu and Kang, Joonhyuk and Shamai, Shlomo},
  journal={arXiv preprint arXiv:1608.07358},
  year={2016},
  publisher={Wiley Online Library}
}
@article{peng2015energy,
  title={Energy-efficient resource assignment and power allocation in heterogeneous cloud radio access networks},
  author={Peng, Mugen and Zhang, Kecheng and Jiang, Jiamo and Wang, Jiaheng and Wang, Wenbo},
  journal={IEEE Transactions on Vehicular Technology},
  volume={64},
  number={11},
  pages={5275--5287},
  year={2015},
  publisher={IEEE}
}
@article{lee2018dynamic,
  title={Dynamic network slicing for multitenant heterogeneous cloud radio access networks},
  author={Lee, Ying Loong and Loo, Jonathan and Chuah, Teong Chee and Wang, Li-Chun},
  journal={IEEE Transactions on Wireless Communications},
  volume={17},
  number={4},
  pages={2146--2161},
  year={2018},
  publisher={IEEE}
}
@inproceedings{motalleb2017optimal,
  title={Optimal power allocation for distributed MIMO C-RAN system with limited fronthaul capacity},
  author={Motalleb, Mojdeh Karbalaee and Kabiri, Amirreza and Emadi, Mohammad Javad},
  booktitle={2017 Iranian Conference on Electrical Engineering (ICEE)},
  pages={1978--1982},
  year={2017},
  organization={IEEE}
}
@article{luong2017optimal,
  title={Optimal joint remote radio head selection and beamforming design for limited fronthaul C-RAN},
  author={Luong, Phuong and Gagnon, Fran{\c{c}}ois and Despins, Charles and Tran, Le-Nam},
  journal={IEEE Transactions on Signal Processing},
  volume={65},
  number={21},
  pages={5605--5620},
  year={2017},
  publisher={IEEE}
}
@article{tang2017system,
  title={System cost minimization in cloud RAN with limited fronthaul capacity},
  author={Tang, Jianhua and Tay, Wee Peng and Quek, Tony QS and Liang, Ben},
  journal={IEEE Transactions on Wireless Communications},
  volume={16},
  number={5},
  pages={3371--3384},
  year={2017},
  publisher={IEEE}
}
@inproceedings{luong2018novel,
  title={A novel energy-efficient resource allocation approach in limited fronthaul virtualized C-RANs},
  author={Luong, Phuong and Despins, Charles and Gagnon, Francois and Tran, Le-Nam},
  booktitle={2018 IEEE 87th Vehicular Technology Conference (VTC Spring)},
  pages={1--6},
  year={2018},
  organization={IEEE}
}
@article{luong2018joint,
  title={Joint virtual computing and radio resource allocation in limited fronthaul green C-RANs},
  author={Luong, Phuong and Gagnon, Fran{\c{c}}ois and Despins, Charles and Tran, Le-Nam},
  journal={IEEE Transactions on Wireless Communications},
  volume={17},
  number={4},
  pages={2602--2617},
  year={2018},
  publisher={IEEE}
}